% Encoding: UTF-8

@Manual{varian,
  author = {{Varian Medical Systems}},
  title  = {System Design Description DMI 1.0 - VHDL},
  year   = {2013},
}

@Online{mgt,
  author = {Xilinx},
  title  = {High Speed Serial},
  year   = {2020},
  url    = {https://www.xilinx.com/products/technology/high-speed-serial.html.html#overview},
}

@Manual{xu5,
  author = {{Enclustra}},
  title  = {Mercury XU5 SoC Modul - User Guide},
  year   = {2019},
}

@Manual{datasheet,
  author   = {Xilinx},
  title    = {Zynq Ultrascale+ MPSoC Data Sheet: Overview},
  year     = {2019},
  subtitle = {DS891},
}

@Manual{packaging,
  author   = {{Xilinx}},
  title    = {Zynq Ultrascale+ Devices Packaging and Pinouts},
  year     = {2019},
  subtitle = {UG1075},
}

@Manual{trm,
  author   = {{Xilinx}},
  title    = {Zynq Ultrascale+ Device Technical Reference Manual},
  year     = {2019},
  subtitle = {UG1085},
}

@Manual{software,
  author   = {Xilinx},
  title    = {Zynq Ultrascale+ MPSoC Software Developer Guide},
  year     = {2019},
  subtitle = {UG1137},
}

@Manual{pe1,
  author = {Enclustra},
  title  = {Mercury+ PE1 Baseboard - User Manual},
  year   = {2019},
}

@Manual{vivado,
  author   = {Xilinx},
  title    = {Vivado Design Suite User Guide - Using the Vivado IDE},
  year     = {2019},
  subtitle = {UG893},
}

@Manual{vivado_ip,
  author   = {Xilinx},
  title    = {Vivado Design Suite User Guide - Designing with IP},
  year     = {2019},
  subtitle = {UG896},
}

@Manual{vivado_ip_integrator,
  author   = {Xilinx},
  title    = {Vivado Design Suite User Guide - Designing IP Subsystems Using IP Integrator},
  year     = {2019},
  subtitle = {UG994},
}

@Manual{vivado_sim,
  author   = {Xilinx},
  title    = {Vivado Design Suite User Guide - Logic Simulation},
  year     = {2019},
  subtitle = {UG900},
}

@Manual{vivado_synth,
  author   = {Xilinx},
  title    = {Vivado Design Suite User Guide - Synthesis},
  year     = {2019},
  subtitle = {UG901},
}

@Manual{vivado_const,
  author   = {Xilinx},
  title    = {Vivado Design Suite User Guide - Using Constraints},
  year     = {2019},
  subtitle = {UG903},
}

@Manual{vivado_imp,
  author   = {Xilinx},
  title    = {Vivado Design Suite User Guide - Implementation},
  year     = {2019},
  subtitle = {UG904},
}

@Manual{vivado_debug,
  author   = {Xilinx},
  title    = {Vivado Design Suite User Guide - Programming and Debugging},
  year     = {2019},
  subtitle = {UG908},
}

@Manual{ila,
  author   = {Xilinx},
  title    = {Integrated Logic Analyser v6.2},
  year     = {2016},
  subtitle = {PG172},
}

@Online{vitis,
  author = {Xilinx},
  title  = {Vitis Unified Software Development Platform},
  year   = {2020},
  url    = {https://www.xilinx.com/html_docs/xilinx2019_2/vitis_doc/index.html},
}

@Comment{jabref-meta: databaseType:biblatex;}

% Encoding: UTF-8
